@INPROCEEDINGS{paper_bf,
  author={Tomasi, C. and Manduchi, R.},
  booktitle={Sixth International Conference on Computer Vision (IEEE Cat. No.98CH36271)}, 
  title={Bilateral filtering for gray and color images}, 
  year={1998},
  volume={},
  number={},
  pages={839-846},
  doi={10.1109/ICCV.1998.710815}}

@ARTICLE{paper_gabf,
  author={Chen, Bo-Hao and Tseng, Yi-Syuan and Yin, Jia-Li},
  journal={IEEE Signal Processing Letters}, 
  title={Gaussian-Adaptive Bilateral Filter}, 
  year={2020},
  volume={27},
  number={},
  pages={1670-1674},
  doi={10.1109/LSP.2020.3024990}}

  @INPROCEEDINGS{paper_psnr,
  author={Hor√©, Alain and Ziou, Djemel},
  booktitle={2010 20th International Conference on Pattern Recognition}, 
  title={Image Quality Metrics: PSNR vs. SSIM}, 
  year={2010},
  volume={},
  number={},
  pages={2366-2369},
  doi={10.1109/ICPR.2010.579}}
